%YAML 1.1
%TAG !u! tag:unity3d.com,2011:
--- !u!29 &1
OcclusionCullingSettings:
  m_ObjectHideFlags: 0
  serializedVersion: 2
  m_OcclusionBakeSettings:
    smallestOccluder: 5
    smallestHole: 0.25
    backfaceThreshold: 100
  m_SceneGUID: 00000000000000000000000000000000
  m_OcclusionCullingData: {fileID: 0}
--- !u!104 &2
RenderSettings:
  m_ObjectHideFlags: 0
  serializedVersion: 9
  m_Fog: 0
  m_FogColor: {r: 0.5, g: 0.5, b: 0.5, a: 1}
  m_FogMode: 3
  m_FogDensity: 0.01
  m_LinearFogStart: 0
  m_LinearFogEnd: 300
  m_AmbientSkyColor: {r: 0.212, g: 0.227, b: 0.259, a: 1}
  m_AmbientEquatorColor: {r: 0.114, g: 0.125, b: 0.133, a: 1}
  m_AmbientGroundColor: {r: 0.047, g: 0.043, b: 0.035, a: 1}
  m_AmbientIntensity: 1
  m_AmbientMode: 0
  m_SubtractiveShadowColor: {r: 0.42, g: 0.478, b: 0.627, a: 1}
  m_SkyboxMaterial: {fileID: 10304, guid: 0000000000000000f000000000000000, type: 0}
  m_HaloStrength: 0.5
  m_FlareStrength: 1
  m_FlareFadeSpeed: 3
  m_HaloTexture: {fileID: 0}
  m_SpotCookie: {fileID: 10001, guid: 0000000000000000e000000000000000, type: 0}
  m_DefaultReflectionMode: 0
  m_DefaultReflectionResolution: 128
  m_ReflectionBounces: 1
  m_ReflectionIntensity: 1
  m_CustomReflection: {fileID: 0}
  m_Sun: {fileID: 0}
  m_IndirectSpecularColor: {r: 0.18028352, g: 0.22571376, b: 0.3069224, a: 1}
  m_UseRadianceAmbientProbe: 0
--- !u!157 &3
LightmapSettings:
  m_ObjectHideFlags: 0
  serializedVersion: 12
  m_GIWorkflowMode: 1
  m_GISettings:
    serializedVersion: 2
    m_BounceScale: 1
    m_IndirectOutputScale: 1
    m_AlbedoBoost: 1
    m_EnvironmentLightingMode: 0
    m_EnableBakedLightmaps: 1
    m_EnableRealtimeLightmaps: 0
  m_LightmapEditorSettings:
    serializedVersion: 12
    m_Resolution: 2
    m_BakeResolution: 40
    m_AtlasSize: 1024
    m_AO: 0
    m_AOMaxDistance: 1
    m_CompAOExponent: 1
    m_CompAOExponentDirect: 0
    m_ExtractAmbientOcclusion: 0
    m_Padding: 2
    m_LightmapParameters: {fileID: 0}
    m_LightmapsBakeMode: 1
    m_TextureCompression: 1
    m_FinalGather: 0
    m_FinalGatherFiltering: 1
    m_FinalGatherRayCount: 256
    m_ReflectionCompression: 2
    m_MixedBakeMode: 2
    m_BakeBackend: 1
    m_PVRSampling: 1
    m_PVRDirectSampleCount: 32
    m_PVRSampleCount: 512
    m_PVRBounces: 2
    m_PVREnvironmentSampleCount: 256
    m_PVREnvironmentReferencePointCount: 2048
    m_PVRFilteringMode: 1
    m_PVRDenoiserTypeDirect: 1
    m_PVRDenoiserTypeIndirect: 1
    m_PVRDenoiserTypeAO: 1
    m_PVRFilterTypeDirect: 0
    m_PVRFilterTypeIndirect: 0
    m_PVRFilterTypeAO: 0
    m_PVREnvironmentMIS: 1
    m_PVRCulling: 1
    m_PVRFilteringGaussRadiusDirect: 1
    m_PVRFilteringGaussRadiusIndirect: 5
    m_PVRFilteringGaussRadiusAO: 2
    m_PVRFilteringAtrousPositionSigmaDirect: 0.5
    m_PVRFilteringAtrousPositionSigmaIndirect: 2
    m_PVRFilteringAtrousPositionSigmaAO: 1
    m_ExportTrainingData: 0
    m_TrainingDataDestination: TrainingData
    m_LightProbeSampleCountMultiplier: 4
  m_LightingDataAsset: {fileID: 0}
  m_LightingSettings: {fileID: 0}
--- !u!196 &4
NavMeshSettings:
  serializedVersion: 2
  m_ObjectHideFlags: 0
  m_BuildSettings:
    serializedVersion: 2
    agentTypeID: 0
    agentRadius: 0.5
    agentHeight: 2
    agentSlope: 45
    agentClimb: 0.4
    ledgeDropHeight: 0
    maxJumpAcrossDistance: 0
    minRegionArea: 2
    manualCellSize: 0
    cellSize: 0.16666667
    manualTileSize: 0
    tileSize: 256
    accuratePlacement: 0
    maxJobWorkers: 0
    preserveTilesOutsideBounds: 0
    debug:
      m_Flags: 0
  m_NavMeshData: {fileID: 0}
--- !u!54 &195174668 stripped
Rigidbody:
  m_CorrespondingSourceObject: {fileID: 5423358331053802294, guid: 8a15d9f04c0462449994d14933b6c819, type: 3}
  m_PrefabInstance: {fileID: 1182263704}
  m_PrefabAsset: {fileID: 0}
--- !u!4 &195174672 stripped
Transform:
  m_CorrespondingSourceObject: {fileID: 1510054161422555907, guid: 8a15d9f04c0462449994d14933b6c819, type: 3}
  m_PrefabInstance: {fileID: 1182263704}
  m_PrefabAsset: {fileID: 0}
--- !u!1 &247556181
GameObject:
  m_ObjectHideFlags: 0
  m_CorrespondingSourceObject: {fileID: 0}
  m_PrefabInstance: {fileID: 0}
  m_PrefabAsset: {fileID: 0}
  serializedVersion: 6
  m_Component:
  - component: {fileID: 247556182}
  - component: {fileID: 247556185}
  - component: {fileID: 247556184}
  - component: {fileID: 247556183}
  - component: {fileID: 247556187}
  - component: {fileID: 247556186}
  m_Layer: 0
  m_Name: StartRope
  m_TagString: Untagged
  m_Icon: {fileID: 0}
  m_NavMeshLayer: 0
  m_StaticEditorFlags: 0
  m_IsActive: 1
--- !u!4 &247556182
Transform:
  m_ObjectHideFlags: 0
  m_CorrespondingSourceObject: {fileID: 0}
  m_PrefabInstance: {fileID: 0}
  m_PrefabAsset: {fileID: 0}
  m_GameObject: {fileID: 247556181}
  m_LocalRotation: {x: 0, y: 0, z: 0, w: 1}
  m_LocalPosition: {x: -11.107587, y: 4.173025, z: -16.65086}
  m_LocalScale: {x: 1, y: 1, z: 1}
  m_ConstrainProportionsScale: 0
  m_Children: []
  m_Father: {fileID: 0}
  m_RootOrder: 9
  m_LocalEulerAnglesHint: {x: 0, y: 0, z: 0}
--- !u!65 &247556183
BoxCollider:
  m_ObjectHideFlags: 0
  m_CorrespondingSourceObject: {fileID: 0}
  m_PrefabInstance: {fileID: 0}
  m_PrefabAsset: {fileID: 0}
  m_GameObject: {fileID: 247556181}
  m_Material: {fileID: 0}
  m_IsTrigger: 0
  m_Enabled: 1
  serializedVersion: 2
  m_Size: {x: 1, y: 1, z: 1}
  m_Center: {x: 0, y: 0, z: 0}
--- !u!23 &247556184
MeshRenderer:
  m_ObjectHideFlags: 0
  m_CorrespondingSourceObject: {fileID: 0}
  m_PrefabInstance: {fileID: 0}
  m_PrefabAsset: {fileID: 0}
  m_GameObject: {fileID: 247556181}
  m_Enabled: 1
  m_CastShadows: 1
  m_ReceiveShadows: 1
  m_DynamicOccludee: 1
  m_StaticShadowCaster: 0
  m_MotionVectors: 1
  m_LightProbeUsage: 1
  m_ReflectionProbeUsage: 1
  m_RayTracingMode: 2
  m_RayTraceProcedural: 0
  m_RenderingLayerMask: 1
  m_RendererPriority: 0
  m_Materials:
  - {fileID: 2100000, guid: 31321ba15b8f8eb4c954353edc038b1d, type: 2}
  m_StaticBatchInfo:
    firstSubMesh: 0
    subMeshCount: 0
  m_StaticBatchRoot: {fileID: 0}
  m_ProbeAnchor: {fileID: 0}
  m_LightProbeVolumeOverride: {fileID: 0}
  m_ScaleInLightmap: 1
  m_ReceiveGI: 1
  m_PreserveUVs: 0
  m_IgnoreNormalsForChartDetection: 0
  m_ImportantGI: 0
  m_StitchLightmapSeams: 1
  m_SelectedEditorRenderState: 3
  m_MinimumChartSize: 4
  m_AutoUVMaxDistance: 0.5
  m_AutoUVMaxAngle: 89
  m_LightmapParameters: {fileID: 0}
  m_SortingLayerID: 0
  m_SortingLayer: 0
  m_SortingOrder: 0
  m_AdditionalVertexStreams: {fileID: 0}
--- !u!33 &247556185
MeshFilter:
  m_ObjectHideFlags: 0
  m_CorrespondingSourceObject: {fileID: 0}
  m_PrefabInstance: {fileID: 0}
  m_PrefabAsset: {fileID: 0}
  m_GameObject: {fileID: 247556181}
  m_Mesh: {fileID: 10202, guid: 0000000000000000e000000000000000, type: 0}
--- !u!120 &247556186
LineRenderer:
  serializedVersion: 2
  m_ObjectHideFlags: 0
  m_CorrespondingSourceObject: {fileID: 0}
  m_PrefabInstance: {fileID: 0}
  m_PrefabAsset: {fileID: 0}
  m_GameObject: {fileID: 247556181}
  m_Enabled: 1
  m_CastShadows: 1
  m_ReceiveShadows: 1
  m_DynamicOccludee: 1
  m_StaticShadowCaster: 0
  m_MotionVectors: 0
  m_LightProbeUsage: 0
  m_ReflectionProbeUsage: 0
  m_RayTracingMode: 0
  m_RayTraceProcedural: 0
  m_RenderingLayerMask: 1
  m_RendererPriority: 0
  m_Materials:
  - {fileID: 2100000, guid: 6296e48663fd7ad46b1a2af507f871cf, type: 3}
  m_StaticBatchInfo:
    firstSubMesh: 0
    subMeshCount: 0
  m_StaticBatchRoot: {fileID: 0}
  m_ProbeAnchor: {fileID: 0}
  m_LightProbeVolumeOverride: {fileID: 0}
  m_ScaleInLightmap: 1
  m_ReceiveGI: 1
  m_PreserveUVs: 0
  m_IgnoreNormalsForChartDetection: 0
  m_ImportantGI: 0
  m_StitchLightmapSeams: 1
  m_SelectedEditorRenderState: 3
  m_MinimumChartSize: 4
  m_AutoUVMaxDistance: 0.5
  m_AutoUVMaxAngle: 89
  m_LightmapParameters: {fileID: 0}
  m_SortingLayerID: 0
  m_SortingLayer: 0
  m_SortingOrder: 0
  m_Positions:
  - {x: 0, y: 0, z: 0}
  - {x: 0, y: 0, z: 1}
  m_Parameters:
    serializedVersion: 3
    widthMultiplier: 1
    widthCurve:
      serializedVersion: 2
      m_Curve:
      - serializedVersion: 3
        time: 0
        value: 1
        inSlope: 0
        outSlope: 0
        tangentMode: 0
        weightedMode: 0
        inWeight: 0.33333334
        outWeight: 0.33333334
      m_PreInfinity: 2
      m_PostInfinity: 2
      m_RotationOrder: 4
    colorGradient:
      serializedVersion: 2
      key0: {r: 1, g: 1, b: 1, a: 1}
      key1: {r: 1, g: 1, b: 1, a: 1}
      key2: {r: 0, g: 0, b: 0, a: 0}
      key3: {r: 0, g: 0, b: 0, a: 0}
      key4: {r: 0, g: 0, b: 0, a: 0}
      key5: {r: 0, g: 0, b: 0, a: 0}
      key6: {r: 0, g: 0, b: 0, a: 0}
      key7: {r: 0, g: 0, b: 0, a: 0}
      ctime0: 0
      ctime1: 65535
      ctime2: 0
      ctime3: 0
      ctime4: 0
      ctime5: 0
      ctime6: 0
      ctime7: 0
      atime0: 0
      atime1: 65535
      atime2: 0
      atime3: 0
      atime4: 0
      atime5: 0
      atime6: 0
      atime7: 0
      m_Mode: 0
      m_NumColorKeys: 2
      m_NumAlphaKeys: 2
    numCornerVertices: 0
    numCapVertices: 0
    alignment: 0
    textureMode: 0
    textureScale: {x: 1, y: 1}
    shadowBias: 0.5
    generateLightingData: 0
  m_MaskInteraction: 0
  m_UseWorldSpace: 1
  m_Loop: 0
  m_ApplyActiveColorSpace: 1
--- !u!114 &247556187
MonoBehaviour:
  m_ObjectHideFlags: 0
  m_CorrespondingSourceObject: {fileID: 0}
  m_PrefabInstance: {fileID: 0}
  m_PrefabAsset: {fileID: 0}
  m_GameObject: {fileID: 247556181}
  m_Enabled: 1
  m_EditorHideFlags: 0
  m_Script: {fileID: 11500000, guid: 0f60ccf75b307aa46812d2c9ad7aefaf, type: 3}
  m_Name: 
  m_EditorClassIdentifier: 
  StartPoint: {fileID: 247556182}
  EndPoint: {fileID: 254429680}
  ropeSegLen: 0.25
  segmentLength: 15
  lineWidth: 0.1
--- !u!1 &254429679
GameObject:
  m_ObjectHideFlags: 0
  m_CorrespondingSourceObject: {fileID: 0}
  m_PrefabInstance: {fileID: 0}
  m_PrefabAsset: {fileID: 0}
  serializedVersion: 6
  m_Component:
  - component: {fileID: 254429680}
  - component: {fileID: 254429683}
  - component: {fileID: 254429682}
  - component: {fileID: 254429681}
  m_Layer: 0
  m_Name: EndRope
  m_TagString: Untagged
  m_Icon: {fileID: 0}
  m_NavMeshLayer: 0
  m_StaticEditorFlags: 0
  m_IsActive: 1
--- !u!4 &254429680
Transform:
  m_ObjectHideFlags: 0
  m_CorrespondingSourceObject: {fileID: 0}
  m_PrefabInstance: {fileID: 0}
  m_PrefabAsset: {fileID: 0}
  m_GameObject: {fileID: 254429679}
  m_LocalRotation: {x: 0, y: 0, z: 0, w: 1}
  m_LocalPosition: {x: -14.173852, y: 5.482848, z: -15.3678465}
  m_LocalScale: {x: 1, y: 1, z: 1}
  m_ConstrainProportionsScale: 0
  m_Children: []
  m_Father: {fileID: 0}
  m_RootOrder: 10
  m_LocalEulerAnglesHint: {x: 0, y: 0, z: 0}
--- !u!135 &254429681
SphereCollider:
  m_ObjectHideFlags: 0
  m_CorrespondingSourceObject: {fileID: 0}
  m_PrefabInstance: {fileID: 0}
  m_PrefabAsset: {fileID: 0}
  m_GameObject: {fileID: 254429679}
  m_Material: {fileID: 0}
  m_IsTrigger: 0
  m_Enabled: 1
  serializedVersion: 2
  m_Radius: 0.5
  m_Center: {x: 0, y: 0, z: 0}
--- !u!23 &254429682
MeshRenderer:
  m_ObjectHideFlags: 0
  m_CorrespondingSourceObject: {fileID: 0}
  m_PrefabInstance: {fileID: 0}
  m_PrefabAsset: {fileID: 0}
  m_GameObject: {fileID: 254429679}
  m_Enabled: 1
  m_CastShadows: 1
  m_ReceiveShadows: 1
  m_DynamicOccludee: 1
  m_StaticShadowCaster: 0
  m_MotionVectors: 1
  m_LightProbeUsage: 1
  m_ReflectionProbeUsage: 1
  m_RayTracingMode: 2
  m_RayTraceProcedural: 0
  m_RenderingLayerMask: 1
  m_RendererPriority: 0
  m_Materials:
  - {fileID: 2100000, guid: 31321ba15b8f8eb4c954353edc038b1d, type: 2}
  m_StaticBatchInfo:
    firstSubMesh: 0
    subMeshCount: 0
  m_StaticBatchRoot: {fileID: 0}
  m_ProbeAnchor: {fileID: 0}
  m_LightProbeVolumeOverride: {fileID: 0}
  m_ScaleInLightmap: 1
  m_ReceiveGI: 1
  m_PreserveUVs: 0
  m_IgnoreNormalsForChartDetection: 0
  m_ImportantGI: 0
  m_StitchLightmapSeams: 1
  m_SelectedEditorRenderState: 3
  m_MinimumChartSize: 4
  m_AutoUVMaxDistance: 0.5
  m_AutoUVMaxAngle: 89
  m_LightmapParameters: {fileID: 0}
  m_SortingLayerID: 0
  m_SortingLayer: 0
  m_SortingOrder: 0
  m_AdditionalVertexStreams: {fileID: 0}
--- !u!33 &254429683
MeshFilter:
  m_ObjectHideFlags: 0
  m_CorrespondingSourceObject: {fileID: 0}
  m_PrefabInstance: {fileID: 0}
  m_PrefabAsset: {fileID: 0}
  m_GameObject: {fileID: 254429679}
  m_Mesh: {fileID: 10207, guid: 0000000000000000e000000000000000, type: 0}
--- !u!1001 &262798844
PrefabInstance:
  m_ObjectHideFlags: 0
  serializedVersion: 2
  m_Modification:
    serializedVersion: 2
    m_TransformParent: {fileID: 0}
    m_Modifications:
    - target: {fileID: 453084650579209848, guid: 035bf1ba97d19214580cfe6f5a29fdc3, type: 3}
      propertyPath: m_Enabled
      value: 1
      objectReference: {fileID: 0}
    - target: {fileID: 2862278905927072854, guid: 035bf1ba97d19214580cfe6f5a29fdc3, type: 3}
      propertyPath: m_Lens.m_SensorSize.x
      value: 0.98224044
      objectReference: {fileID: 0}
    - target: {fileID: 2862278905927072855, guid: 035bf1ba97d19214580cfe6f5a29fdc3, type: 3}
      propertyPath: m_LocalPosition.x
      value: -22.010216
      objectReference: {fileID: 0}
    - target: {fileID: 2862278905927072855, guid: 035bf1ba97d19214580cfe6f5a29fdc3, type: 3}
      propertyPath: m_LocalPosition.y
      value: 10.161317
      objectReference: {fileID: 0}
    - target: {fileID: 2862278905927072855, guid: 035bf1ba97d19214580cfe6f5a29fdc3, type: 3}
      propertyPath: m_LocalPosition.z
      value: -23.948788
      objectReference: {fileID: 0}
    - target: {fileID: 4244626405643678211, guid: 035bf1ba97d19214580cfe6f5a29fdc3, type: 3}
      propertyPath: cursorLocked
      value: 1
      objectReference: {fileID: 0}
    - target: {fileID: 4244626405643678211, guid: 035bf1ba97d19214580cfe6f5a29fdc3, type: 3}
      propertyPath: analogMovement
      value: 1
      objectReference: {fileID: 0}
    - target: {fileID: 4244626405643678211, guid: 035bf1ba97d19214580cfe6f5a29fdc3, type: 3}
      propertyPath: cursorInputForLook
      value: 1
      objectReference: {fileID: 0}
    - target: {fileID: 4253012990419024484, guid: 035bf1ba97d19214580cfe6f5a29fdc3, type: 3}
      propertyPath: m_Enabled
      value: 0
      objectReference: {fileID: 0}
    - target: {fileID: 4253012990419024484, guid: 035bf1ba97d19214580cfe6f5a29fdc3, type: 3}
      propertyPath: m_Materials.Array.data[0]
      value: 
      objectReference: {fileID: 2100000, guid: 9c76347bc0443e84d9a6807da961c606, type: 2}
    - target: {fileID: 4253012990419024491, guid: 035bf1ba97d19214580cfe6f5a29fdc3, type: 3}
      propertyPath: m_Enabled
      value: 0
      objectReference: {fileID: 0}
    - target: {fileID: 5126527961139664760, guid: 035bf1ba97d19214580cfe6f5a29fdc3, type: 3}
      propertyPath: m_LocalPosition.x
      value: -22.010216
      objectReference: {fileID: 0}
    - target: {fileID: 5126527961139664760, guid: 035bf1ba97d19214580cfe6f5a29fdc3, type: 3}
      propertyPath: m_LocalPosition.y
      value: 10.161317
      objectReference: {fileID: 0}
    - target: {fileID: 5126527961139664760, guid: 035bf1ba97d19214580cfe6f5a29fdc3, type: 3}
      propertyPath: m_LocalPosition.z
      value: -23.948788
      objectReference: {fileID: 0}
    - target: {fileID: 5126527961139664767, guid: 035bf1ba97d19214580cfe6f5a29fdc3, type: 3}
      propertyPath: orthographic size
      value: 10
      objectReference: {fileID: 0}
    - target: {fileID: 6556307555316582679, guid: 035bf1ba97d19214580cfe6f5a29fdc3, type: 3}
      propertyPath: m_RootOrder
      value: 3
      objectReference: {fileID: 0}
    - target: {fileID: 6556307555316582679, guid: 035bf1ba97d19214580cfe6f5a29fdc3, type: 3}
      propertyPath: m_LocalPosition.x
      value: 21
      objectReference: {fileID: 0}
    - target: {fileID: 6556307555316582679, guid: 035bf1ba97d19214580cfe6f5a29fdc3, type: 3}
      propertyPath: m_LocalPosition.y
      value: -6.1
      objectReference: {fileID: 0}
    - target: {fileID: 6556307555316582679, guid: 035bf1ba97d19214580cfe6f5a29fdc3, type: 3}
      propertyPath: m_LocalPosition.z
      value: 8.8
      objectReference: {fileID: 0}
    - target: {fileID: 6556307555316582679, guid: 035bf1ba97d19214580cfe6f5a29fdc3, type: 3}
      propertyPath: m_LocalRotation.w
      value: 1
      objectReference: {fileID: 0}
    - target: {fileID: 6556307555316582679, guid: 035bf1ba97d19214580cfe6f5a29fdc3, type: 3}
      propertyPath: m_LocalRotation.x
      value: 0
      objectReference: {fileID: 0}
    - target: {fileID: 6556307555316582679, guid: 035bf1ba97d19214580cfe6f5a29fdc3, type: 3}
      propertyPath: m_LocalRotation.y
      value: 0
      objectReference: {fileID: 0}
    - target: {fileID: 6556307555316582679, guid: 035bf1ba97d19214580cfe6f5a29fdc3, type: 3}
      propertyPath: m_LocalRotation.z
      value: 0
      objectReference: {fileID: 0}
    - target: {fileID: 6556307555316582679, guid: 035bf1ba97d19214580cfe6f5a29fdc3, type: 3}
      propertyPath: m_LocalEulerAnglesHint.x
      value: 0
      objectReference: {fileID: 0}
    - target: {fileID: 6556307555316582679, guid: 035bf1ba97d19214580cfe6f5a29fdc3, type: 3}
      propertyPath: m_LocalEulerAnglesHint.y
      value: 0
      objectReference: {fileID: 0}
    - target: {fileID: 6556307555316582679, guid: 035bf1ba97d19214580cfe6f5a29fdc3, type: 3}
      propertyPath: m_LocalEulerAnglesHint.z
      value: 0
      objectReference: {fileID: 0}
    - target: {fileID: 7094977340588366727, guid: 035bf1ba97d19214580cfe6f5a29fdc3, type: 3}
      propertyPath: m_Name
      value: NestedParent_Unpack
      objectReference: {fileID: 0}
    - target: {fileID: 7094977340588366727, guid: 035bf1ba97d19214580cfe6f5a29fdc3, type: 3}
      propertyPath: m_IsActive
      value: 1
      objectReference: {fileID: 0}
    m_RemovedComponents: []
    m_AddedGameObjects:
    - targetCorrespondingSourceObject: {fileID: 5126527961139664760, guid: 035bf1ba97d19214580cfe6f5a29fdc3, type: 3}
      insertIndex: -1
      addedObject: {fileID: 1603117775}
  m_SourcePrefab: {fileID: 100100000, guid: 035bf1ba97d19214580cfe6f5a29fdc3, type: 3}
--- !u!4 &477110439 stripped
Transform:
  m_CorrespondingSourceObject: {fileID: 5242107653240477475, guid: 035bf1ba97d19214580cfe6f5a29fdc3, type: 3}
  m_PrefabInstance: {fileID: 262798844}
  m_PrefabAsset: {fileID: 0}
--- !u!1 &581892005
GameObject:
  m_ObjectHideFlags: 0
  m_CorrespondingSourceObject: {fileID: 0}
  m_PrefabInstance: {fileID: 0}
  m_PrefabAsset: {fileID: 0}
  serializedVersion: 6
  m_Component:
  - component: {fileID: 581892010}
  - component: {fileID: 581892009}
  - component: {fileID: 581892008}
  - component: {fileID: 581892007}
  - component: {fileID: 581892006}
  - component: {fileID: 581892011}
  m_Layer: 0
  m_Name: Table
  m_TagString: Untagged
  m_Icon: {fileID: 0}
  m_NavMeshLayer: 0
  m_StaticEditorFlags: 0
  m_IsActive: 1
--- !u!114 &581892006
MonoBehaviour:
  m_ObjectHideFlags: 0
  m_CorrespondingSourceObject: {fileID: 0}
  m_PrefabInstance: {fileID: 0}
  m_PrefabAsset: {fileID: 0}
  m_GameObject: {fileID: 581892005}
  m_Enabled: 1
  m_EditorHideFlags: 0
  m_Script: {fileID: 11500000, guid: 485fcbf2971c1144ea35e1d1ab8e3a21, type: 3}
  m_Name: 
  m_EditorClassIdentifier: 
  MiniGameClick: {fileID: 581892011}
--- !u!65 &581892007
BoxCollider:
  m_ObjectHideFlags: 0
  m_CorrespondingSourceObject: {fileID: 0}
  m_PrefabInstance: {fileID: 0}
  m_PrefabAsset: {fileID: 0}
  m_GameObject: {fileID: 581892005}
  m_Material: {fileID: 0}
  m_IsTrigger: 0
  m_Enabled: 1
  serializedVersion: 2
  m_Size: {x: 1, y: 1, z: 1}
  m_Center: {x: 0, y: 0, z: 0}
--- !u!23 &581892008
MeshRenderer:
  m_ObjectHideFlags: 0
  m_CorrespondingSourceObject: {fileID: 0}
  m_PrefabInstance: {fileID: 0}
  m_PrefabAsset: {fileID: 0}
  m_GameObject: {fileID: 581892005}
  m_Enabled: 1
  m_CastShadows: 1
  m_ReceiveShadows: 1
  m_DynamicOccludee: 1
  m_StaticShadowCaster: 0
  m_MotionVectors: 1
  m_LightProbeUsage: 1
  m_ReflectionProbeUsage: 1
  m_RayTracingMode: 2
  m_RayTraceProcedural: 0
  m_RenderingLayerMask: 1
  m_RendererPriority: 0
  m_Materials:
  - {fileID: 2100000, guid: 31321ba15b8f8eb4c954353edc038b1d, type: 2}
  m_StaticBatchInfo:
    firstSubMesh: 0
    subMeshCount: 0
  m_StaticBatchRoot: {fileID: 0}
  m_ProbeAnchor: {fileID: 0}
  m_LightProbeVolumeOverride: {fileID: 0}
  m_ScaleInLightmap: 1
  m_ReceiveGI: 1
  m_PreserveUVs: 0
  m_IgnoreNormalsForChartDetection: 0
  m_ImportantGI: 0
  m_StitchLightmapSeams: 1
  m_SelectedEditorRenderState: 3
  m_MinimumChartSize: 4
  m_AutoUVMaxDistance: 0.5
  m_AutoUVMaxAngle: 89
  m_LightmapParameters: {fileID: 0}
  m_SortingLayerID: 0
  m_SortingLayer: 0
  m_SortingOrder: 0
  m_AdditionalVertexStreams: {fileID: 0}
--- !u!33 &581892009
MeshFilter:
  m_ObjectHideFlags: 0
  m_CorrespondingSourceObject: {fileID: 0}
  m_PrefabInstance: {fileID: 0}
  m_PrefabAsset: {fileID: 0}
  m_GameObject: {fileID: 581892005}
  m_Mesh: {fileID: 10202, guid: 0000000000000000e000000000000000, type: 0}
--- !u!4 &581892010
Transform:
  m_ObjectHideFlags: 0
  m_CorrespondingSourceObject: {fileID: 0}
  m_PrefabInstance: {fileID: 0}
  m_PrefabAsset: {fileID: 0}
  m_GameObject: {fileID: 581892005}
  m_LocalRotation: {x: 0, y: 0, z: 0, w: 1}
  m_LocalPosition: {x: 4.75, y: -1.355576, z: 2.55}
  m_LocalScale: {x: 2.261, y: -0.18096, z: 2.2368}
  m_ConstrainProportionsScale: 0
  m_Children: []
  m_Father: {fileID: 0}
  m_RootOrder: 6
  m_LocalEulerAnglesHint: {x: 0, y: 0, z: 0}
--- !u!114 &581892011
MonoBehaviour:
  m_ObjectHideFlags: 0
  m_CorrespondingSourceObject: {fileID: 0}
  m_PrefabInstance: {fileID: 0}
  m_PrefabAsset: {fileID: 0}
  m_GameObject: {fileID: 581892005}
  m_Enabled: 1
  m_EditorHideFlags: 0
  m_Script: {fileID: 11500000, guid: 5b2e2d332378f4748812c098ec090958, type: 3}
  m_Name: 
  m_EditorClassIdentifier: 
  started: 0
  animal: {fileID: 0}
  controller: {fileID: 773558339}
  gameplayOutside: {fileID: 1603117774}
  cameraRoot: {fileID: 477110439}
--- !u!4 &737187844 stripped
Transform:
  m_CorrespondingSourceObject: {fileID: 7664273667064754805, guid: b1572574664f4bd439eb2a32188e0abb, type: 3}
  m_PrefabInstance: {fileID: 7664273667088829520}
  m_PrefabAsset: {fileID: 0}
--- !u!114 &773558339 stripped
MonoBehaviour:
  m_CorrespondingSourceObject: {fileID: 453084650579209848, guid: 035bf1ba97d19214580cfe6f5a29fdc3, type: 3}
  m_PrefabInstance: {fileID: 262798844}
  m_PrefabAsset: {fileID: 0}
  m_GameObject: {fileID: 0}
  m_Enabled: 1
  m_EditorHideFlags: 0
  m_Script: {fileID: 11500000, guid: 55919ac34a26952479f3fc91f777b2fa, type: 3}
  m_Name: 
  m_EditorClassIdentifier: 
--- !u!1001 &842427154
PrefabInstance:
  m_ObjectHideFlags: 0
  serializedVersion: 2
  m_Modification:
    serializedVersion: 2
    m_TransformParent: {fileID: 0}
    m_Modifications:
    - target: {fileID: 1510054161422555907, guid: 8a15d9f04c0462449994d14933b6c819, type: 3}
      propertyPath: m_RootOrder
      value: 2
      objectReference: {fileID: 0}
    - target: {fileID: 1510054161422555907, guid: 8a15d9f04c0462449994d14933b6c819, type: 3}
      propertyPath: m_LocalPosition.x
      value: 0.98156226
      objectReference: {fileID: 0}
    - target: {fileID: 1510054161422555907, guid: 8a15d9f04c0462449994d14933b6c819, type: 3}
      propertyPath: m_LocalPosition.y
      value: -0.478
      objectReference: {fileID: 0}
    - target: {fileID: 1510054161422555907, guid: 8a15d9f04c0462449994d14933b6c819, type: 3}
      propertyPath: m_LocalPosition.z
      value: -1.0452547
      objectReference: {fileID: 0}
    - target: {fileID: 1510054161422555907, guid: 8a15d9f04c0462449994d14933b6c819, type: 3}
      propertyPath: m_LocalRotation.w
      value: 1
      objectReference: {fileID: 0}
    - target: {fileID: 1510054161422555907, guid: 8a15d9f04c0462449994d14933b6c819, type: 3}
      propertyPath: m_LocalRotation.x
      value: 0
      objectReference: {fileID: 0}
    - target: {fileID: 1510054161422555907, guid: 8a15d9f04c0462449994d14933b6c819, type: 3}
      propertyPath: m_LocalRotation.y
      value: 0
      objectReference: {fileID: 0}
    - target: {fileID: 1510054161422555907, guid: 8a15d9f04c0462449994d14933b6c819, type: 3}
      propertyPath: m_LocalRotation.z
      value: 0
      objectReference: {fileID: 0}
    - target: {fileID: 1510054161422555907, guid: 8a15d9f04c0462449994d14933b6c819, type: 3}
      propertyPath: m_LocalEulerAnglesHint.x
      value: 0
      objectReference: {fileID: 0}
    - target: {fileID: 1510054161422555907, guid: 8a15d9f04c0462449994d14933b6c819, type: 3}
      propertyPath: m_LocalEulerAnglesHint.y
      value: 0
      objectReference: {fileID: 0}
    - target: {fileID: 1510054161422555907, guid: 8a15d9f04c0462449994d14933b6c819, type: 3}
      propertyPath: m_LocalEulerAnglesHint.z
      value: 0
      objectReference: {fileID: 0}
    - target: {fileID: 1510054161422555935, guid: 8a15d9f04c0462449994d14933b6c819, type: 3}
      propertyPath: m_Name
      value: Part (1)
      objectReference: {fileID: 0}
    - target: {fileID: 6806019119163470211, guid: 8a15d9f04c0462449994d14933b6c819, type: 3}
      propertyPath: m_ConnectedAnchor.x
      value: 0.98156226
      objectReference: {fileID: 0}
    - target: {fileID: 6806019119163470211, guid: 8a15d9f04c0462449994d14933b6c819, type: 3}
      propertyPath: m_ConnectedAnchor.y
      value: -0.35799998
      objectReference: {fileID: 0}
    - target: {fileID: 6806019119163470211, guid: 8a15d9f04c0462449994d14933b6c819, type: 3}
      propertyPath: m_ConnectedAnchor.z
      value: -1.0452547
      objectReference: {fileID: 0}
    m_RemovedComponents: []
    m_AddedGameObjects: []
  m_SourcePrefab: {fileID: 100100000, guid: 8a15d9f04c0462449994d14933b6c819, type: 3}
--- !u!1 &895805045 stripped
GameObject:
  m_CorrespondingSourceObject: {fileID: 5126527961139664765, guid: 035bf1ba97d19214580cfe6f5a29fdc3, type: 3}
  m_PrefabInstance: {fileID: 262798844}
  m_PrefabAsset: {fileID: 0}
--- !u!114 &895805046
MonoBehaviour:
  m_ObjectHideFlags: 0
  m_CorrespondingSourceObject: {fileID: 0}
  m_PrefabInstance: {fileID: 0}
  m_PrefabAsset: {fileID: 0}
  m_GameObject: {fileID: 895805045}
  m_Enabled: 1
  m_EditorHideFlags: 0
  m_Script: {fileID: 11500000, guid: a79441f348de89743a2939f4d699eac1, type: 3}
  m_Name: 
  m_EditorClassIdentifier: 
  m_RenderShadows: 1
  m_RequiresDepthTextureOption: 2
  m_RequiresOpaqueTextureOption: 2
  m_CameraType: 0
  m_Cameras: []
  m_RendererIndex: -1
  m_VolumeLayerMask:
    serializedVersion: 2
    m_Bits: 1
  m_VolumeTrigger: {fileID: 0}
  m_VolumeFrameworkUpdateModeOption: 2
  m_RenderPostProcessing: 0
  m_Antialiasing: 0
  m_AntialiasingQuality: 2
  m_StopNaN: 0
  m_Dithering: 0
  m_ClearDepth: 1
  m_AllowXRRendering: 1
  m_RequiresDepthTexture: 0
  m_RequiresColorTexture: 0
  m_Version: 2
--- !u!4 &895805047 stripped
Transform:
  m_CorrespondingSourceObject: {fileID: 5126527961139664760, guid: 035bf1ba97d19214580cfe6f5a29fdc3, type: 3}
  m_PrefabInstance: {fileID: 262798844}
  m_PrefabAsset: {fileID: 0}
--- !u!1 &1031982126
GameObject:
  m_ObjectHideFlags: 0
  m_CorrespondingSourceObject: {fileID: 0}
  m_PrefabInstance: {fileID: 0}
  m_PrefabAsset: {fileID: 0}
  serializedVersion: 6
  m_Component:
  - component: {fileID: 1031982127}
  - component: {fileID: 1031982128}
  m_Layer: 6
  m_Name: PivotAnimal
  m_TagString: Untagged
  m_Icon: {fileID: 0}
  m_NavMeshLayer: 0
  m_StaticEditorFlags: 0
  m_IsActive: 1
--- !u!4 &1031982127
Transform:
  m_ObjectHideFlags: 0
  m_CorrespondingSourceObject: {fileID: 0}
  m_PrefabInstance: {fileID: 0}
  m_PrefabAsset: {fileID: 0}
  m_GameObject: {fileID: 1031982126}
  m_LocalRotation: {x: -0, y: -0, z: -0, w: 1}
  m_LocalPosition: {x: -0.892, y: -0.49, z: 1.068}
  m_LocalScale: {x: 1, y: 1, z: 1}
  m_ConstrainProportionsScale: 0
  m_Children:
  - {fileID: 737187844}
  m_Father: {fileID: 0}
  m_RootOrder: 7
  m_LocalEulerAnglesHint: {x: 0, y: 0, z: 0}
--- !u!114 &1031982128
MonoBehaviour:
  m_ObjectHideFlags: 0
  m_CorrespondingSourceObject: {fileID: 0}
  m_PrefabInstance: {fileID: 0}
  m_PrefabAsset: {fileID: 0}
  m_GameObject: {fileID: 1031982126}
  m_Enabled: 1
  m_EditorHideFlags: 0
  m_Script: {fileID: 11500000, guid: ca34d80cf66942c09b2ba66ad11ccc20, type: 3}
  m_Name: 
  m_EditorClassIdentifier: 
  RotationSpeed: 2
  RotationAnchor: {fileID: 0}
  isPickedUp: 0
--- !u!1 &1151346329
GameObject:
  m_ObjectHideFlags: 0
  m_CorrespondingSourceObject: {fileID: 0}
  m_PrefabInstance: {fileID: 0}
  m_PrefabAsset: {fileID: 0}
  serializedVersion: 6
  m_Component:
  - component: {fileID: 1151346330}
  m_Layer: 0
  m_Name: GameObject
  m_TagString: Untagged
  m_Icon: {fileID: 0}
  m_NavMeshLayer: 0
  m_StaticEditorFlags: 0
  m_IsActive: 1
--- !u!4 &1151346330
Transform:
  m_ObjectHideFlags: 0
  m_CorrespondingSourceObject: {fileID: 0}
  m_PrefabInstance: {fileID: 0}
  m_PrefabAsset: {fileID: 0}
  m_GameObject: {fileID: 1151346329}
  m_LocalRotation: {x: 0, y: 0, z: 0, w: 1}
  m_LocalPosition: {x: -2.4392567, y: 2.8257918, z: -14.603111}
  m_LocalScale: {x: 1, y: 1, z: 1}
  m_ConstrainProportionsScale: 0
  m_Children:
  - {fileID: 195174672}
  m_Father: {fileID: 0}
  m_RootOrder: 8
  m_LocalEulerAnglesHint: {x: 0, y: 0, z: 0}
--- !u!1001 &1182263704
PrefabInstance:
  m_ObjectHideFlags: 0
  serializedVersion: 2
  m_Modification:
    serializedVersion: 2
    m_TransformParent: {fileID: 1151346330}
    m_Modifications:
    - target: {fileID: 1510054161422555907, guid: 8a15d9f04c0462449994d14933b6c819, type: 3}
      propertyPath: m_RootOrder
      value: 0
      objectReference: {fileID: 0}
    - target: {fileID: 1510054161422555907, guid: 8a15d9f04c0462449994d14933b6c819, type: 3}
      propertyPath: m_LocalPosition.x
      value: -0.31474328
      objectReference: {fileID: 0}
    - target: {fileID: 1510054161422555907, guid: 8a15d9f04c0462449994d14933b6c819, type: 3}
      propertyPath: m_LocalPosition.y
      value: -0.08657169
      objectReference: {fileID: 0}
    - target: {fileID: 1510054161422555907, guid: 8a15d9f04c0462449994d14933b6c819, type: 3}
      propertyPath: m_LocalPosition.z
      value: -0.20864391
      objectReference: {fileID: 0}
    - target: {fileID: 1510054161422555907, guid: 8a15d9f04c0462449994d14933b6c819, type: 3}
      propertyPath: m_LocalRotation.w
      value: -0.689495
      objectReference: {fileID: 0}
    - target: {fileID: 1510054161422555907, guid: 8a15d9f04c0462449994d14933b6c819, type: 3}
      propertyPath: m_LocalRotation.x
      value: -0.72429043
      objectReference: {fileID: 0}
    - target: {fileID: 1510054161422555907, guid: 8a15d9f04c0462449994d14933b6c819, type: 3}
      propertyPath: m_LocalRotation.y
      value: -0
      objectReference: {fileID: 0}
    - target: {fileID: 1510054161422555907, guid: 8a15d9f04c0462449994d14933b6c819, type: 3}
      propertyPath: m_LocalRotation.z
      value: -0
      objectReference: {fileID: 0}
    - target: {fileID: 1510054161422555907, guid: 8a15d9f04c0462449994d14933b6c819, type: 3}
      propertyPath: m_LocalEulerAnglesHint.x
      value: -267.18
      objectReference: {fileID: 0}
    - target: {fileID: 1510054161422555907, guid: 8a15d9f04c0462449994d14933b6c819, type: 3}
      propertyPath: m_LocalEulerAnglesHint.y
      value: 0
      objectReference: {fileID: 0}
    - target: {fileID: 1510054161422555907, guid: 8a15d9f04c0462449994d14933b6c819, type: 3}
      propertyPath: m_LocalEulerAnglesHint.z
      value: 0
      objectReference: {fileID: 0}
    - target: {fileID: 1510054161422555935, guid: 8a15d9f04c0462449994d14933b6c819, type: 3}
      propertyPath: m_Name
      value: Part (2)
      objectReference: {fileID: 0}
    - target: {fileID: 5423358331053802294, guid: 8a15d9f04c0462449994d14933b6c819, type: 3}
      propertyPath: m_Constraints
      value: 126
      objectReference: {fileID: 0}
    - target: {fileID: 6806019119163470211, guid: 8a15d9f04c0462449994d14933b6c819, type: 3}
      propertyPath: m_ConnectedBody
      value: 
      objectReference: {fileID: 1291172249}
    - target: {fileID: 6806019119163470211, guid: 8a15d9f04c0462449994d14933b6c819, type: 3}
      propertyPath: m_ConnectedAnchor.x
      value: 0.19000053
      objectReference: {fileID: 0}
    - target: {fileID: 6806019119163470211, guid: 8a15d9f04c0462449994d14933b6c819, type: 3}
      propertyPath: m_ConnectedAnchor.y
      value: 0.95516366
      objectReference: {fileID: 0}
    - target: {fileID: 6806019119163470211, guid: 8a15d9f04c0462449994d14933b6c819, type: 3}
      propertyPath: m_ConnectedAnchor.z
      value: 0.20343795
      objectReference: {fileID: 0}
    m_RemovedComponents: []
    m_AddedGameObjects: []
  m_SourcePrefab: {fileID: 100100000, guid: 8a15d9f04c0462449994d14933b6c819, type: 3}
--- !u!1001 &1191788616
PrefabInstance:
  m_ObjectHideFlags: 0
  serializedVersion: 2
  m_Modification:
    serializedVersion: 2
    m_TransformParent: {fileID: 0}
    m_Modifications:
    - target: {fileID: 1510054161422555907, guid: 8a15d9f04c0462449994d14933b6c819, type: 3}
      propertyPath: m_RootOrder
      value: 1
      objectReference: {fileID: 0}
    - target: {fileID: 1510054161422555907, guid: 8a15d9f04c0462449994d14933b6c819, type: 3}
      propertyPath: m_LocalPosition.x
      value: -2.773
      objectReference: {fileID: 0}
    - target: {fileID: 1510054161422555907, guid: 8a15d9f04c0462449994d14933b6c819, type: 3}
      propertyPath: m_LocalPosition.y
      value: 2.7088
      objectReference: {fileID: 0}
    - target: {fileID: 1510054161422555907, guid: 8a15d9f04c0462449994d14933b6c819, type: 3}
      propertyPath: m_LocalPosition.z
      value: -14.5781
      objectReference: {fileID: 0}
    - target: {fileID: 1510054161422555907, guid: 8a15d9f04c0462449994d14933b6c819, type: 3}
      propertyPath: m_LocalRotation.w
      value: 0.71990496
      objectReference: {fileID: 0}
    - target: {fileID: 1510054161422555907, guid: 8a15d9f04c0462449994d14933b6c819, type: 3}
      propertyPath: m_LocalRotation.x
      value: -0.6940727
      objectReference: {fileID: 0}
    - target: {fileID: 1510054161422555907, guid: 8a15d9f04c0462449994d14933b6c819, type: 3}
      propertyPath: m_LocalRotation.y
      value: -0
      objectReference: {fileID: 0}
    - target: {fileID: 1510054161422555907, guid: 8a15d9f04c0462449994d14933b6c819, type: 3}
      propertyPath: m_LocalRotation.z
      value: -0
      objectReference: {fileID: 0}
    - target: {fileID: 1510054161422555907, guid: 8a15d9f04c0462449994d14933b6c819, type: 3}
      propertyPath: m_LocalEulerAnglesHint.x
      value: -87.907
      objectReference: {fileID: 0}
    - target: {fileID: 1510054161422555907, guid: 8a15d9f04c0462449994d14933b6c819, type: 3}
      propertyPath: m_LocalEulerAnglesHint.y
      value: 0
      objectReference: {fileID: 0}
    - target: {fileID: 1510054161422555907, guid: 8a15d9f04c0462449994d14933b6c819, type: 3}
      propertyPath: m_LocalEulerAnglesHint.z
      value: 0
      objectReference: {fileID: 0}
    - target: {fileID: 1510054161422555935, guid: 8a15d9f04c0462449994d14933b6c819, type: 3}
      propertyPath: m_Name
      value: Part
      objectReference: {fileID: 0}
    - target: {fileID: 6806019119163470211, guid: 8a15d9f04c0462449994d14933b6c819, type: 3}
      propertyPath: m_ConnectedBody
      value: 
      objectReference: {fileID: 195174668}
    - target: {fileID: 6806019119163470211, guid: 8a15d9f04c0462449994d14933b6c819, type: 3}
      propertyPath: m_ConnectedAnchor.x
      value: -0.19000053
      objectReference: {fileID: 0}
    - target: {fileID: 6806019119163470211, guid: 8a15d9f04c0462449994d14933b6c819, type: 3}
      propertyPath: m_ConnectedAnchor.y
      value: 0.95731956
      objectReference: {fileID: 0}
    - target: {fileID: 6806019119163470211, guid: 8a15d9f04c0462449994d14933b6c819, type: 3}
      propertyPath: m_ConnectedAnchor.z
      value: 0.20410448
      objectReference: {fileID: 0}
    m_RemovedComponents: []
    m_AddedGameObjects: []
  m_SourcePrefab: {fileID: 100100000, guid: 8a15d9f04c0462449994d14933b6c819, type: 3}
--- !u!54 &1291172249 stripped
Rigidbody:
  m_CorrespondingSourceObject: {fileID: 5423358331053802294, guid: 8a15d9f04c0462449994d14933b6c819, type: 3}
  m_PrefabInstance: {fileID: 1191788616}
  m_PrefabAsset: {fileID: 0}
--- !u!1 &1473703168
GameObject:
  m_ObjectHideFlags: 0
  m_CorrespondingSourceObject: {fileID: 0}
  m_PrefabInstance: {fileID: 0}
  m_PrefabAsset: {fileID: 0}
  serializedVersion: 6
  m_Component:
  - component: {fileID: 1473703172}
  - component: {fileID: 1473703171}
  - component: {fileID: 1473703170}
  - component: {fileID: 1473703169}
  m_Layer: 0
  m_Name: Cube
  m_TagString: Untagged
  m_Icon: {fileID: 0}
  m_NavMeshLayer: 0
  m_StaticEditorFlags: 0
  m_IsActive: 1
--- !u!65 &1473703169
BoxCollider:
  m_ObjectHideFlags: 0
  m_CorrespondingSourceObject: {fileID: 0}
  m_PrefabInstance: {fileID: 0}
  m_PrefabAsset: {fileID: 0}
  m_GameObject: {fileID: 1473703168}
  m_Material: {fileID: 0}
  m_IsTrigger: 0
  m_Enabled: 1
  serializedVersion: 2
  m_Size: {x: 1, y: 1, z: 1}
  m_Center: {x: 0, y: 0, z: 0}
--- !u!23 &1473703170
MeshRenderer:
  m_ObjectHideFlags: 0
  m_CorrespondingSourceObject: {fileID: 0}
  m_PrefabInstance: {fileID: 0}
  m_PrefabAsset: {fileID: 0}
  m_GameObject: {fileID: 1473703168}
  m_Enabled: 1
  m_CastShadows: 1
  m_ReceiveShadows: 1
  m_DynamicOccludee: 1
  m_StaticShadowCaster: 0
  m_MotionVectors: 1
  m_LightProbeUsage: 1
  m_ReflectionProbeUsage: 1
  m_RayTracingMode: 2
  m_RayTraceProcedural: 0
  m_RenderingLayerMask: 1
  m_RendererPriority: 0
  m_Materials:
  - {fileID: 2100000, guid: 31321ba15b8f8eb4c954353edc038b1d, type: 2}
  m_StaticBatchInfo:
    firstSubMesh: 0
    subMeshCount: 0
  m_StaticBatchRoot: {fileID: 0}
  m_ProbeAnchor: {fileID: 0}
  m_LightProbeVolumeOverride: {fileID: 0}
  m_ScaleInLightmap: 1
  m_ReceiveGI: 1
  m_PreserveUVs: 0
  m_IgnoreNormalsForChartDetection: 0
  m_ImportantGI: 0
  m_StitchLightmapSeams: 1
  m_SelectedEditorRenderState: 3
  m_MinimumChartSize: 4
  m_AutoUVMaxDistance: 0.5
  m_AutoUVMaxAngle: 89
  m_LightmapParameters: {fileID: 0}
  m_SortingLayerID: 0
  m_SortingLayer: 0
  m_SortingOrder: 0
  m_AdditionalVertexStreams: {fileID: 0}
--- !u!33 &1473703171
MeshFilter:
  m_ObjectHideFlags: 0
  m_CorrespondingSourceObject: {fileID: 0}
  m_PrefabInstance: {fileID: 0}
  m_PrefabAsset: {fileID: 0}
  m_GameObject: {fileID: 1473703168}
  m_Mesh: {fileID: 10202, guid: 0000000000000000e000000000000000, type: 0}
--- !u!4 &1473703172
Transform:
  m_ObjectHideFlags: 0
  m_CorrespondingSourceObject: {fileID: 0}
  m_PrefabInstance: {fileID: 0}
  m_PrefabAsset: {fileID: 0}
  m_GameObject: {fileID: 1473703168}
  m_LocalRotation: {x: 0, y: 0, z: 0, w: 1}
  m_LocalPosition: {x: 0.19054508, y: -1.92, z: -0.5552883}
  m_LocalScale: {x: 143.84184, y: 1, z: 117.64604}
  m_ConstrainProportionsScale: 0
  m_Children: []
  m_Father: {fileID: 0}
  m_RootOrder: 4
  m_LocalEulerAnglesHint: {x: 0, y: 0, z: 0}
--- !u!1 &1540943828
GameObject:
  m_ObjectHideFlags: 0
  m_CorrespondingSourceObject: {fileID: 0}
  m_PrefabInstance: {fileID: 0}
  m_PrefabAsset: {fileID: 0}
  serializedVersion: 6
  m_Component:
  - component: {fileID: 1540943829}
  - component: {fileID: 1540943830}
  - component: {fileID: 1540943831}
  m_Layer: 3
  m_Name: Rope
  m_TagString: Untagged
  m_Icon: {fileID: 0}
  m_NavMeshLayer: 0
  m_StaticEditorFlags: 0
  m_IsActive: 1
--- !u!4 &1540943829
Transform:
  m_ObjectHideFlags: 0
  m_CorrespondingSourceObject: {fileID: 0}
  m_PrefabInstance: {fileID: 0}
  m_PrefabAsset: {fileID: 0}
  m_GameObject: {fileID: 1540943828}
  m_LocalRotation: {x: -0, y: -0, z: -0, w: 1}
  m_LocalPosition: {x: 0, y: -0.020999908, z: 0.16900063}
  m_LocalScale: {x: 1, y: 1, z: 1}
  m_ConstrainProportionsScale: 0
  m_Children: []
  m_Father: {fileID: 1603117775}
  m_RootOrder: 0
  m_LocalEulerAnglesHint: {x: 0, y: 0, z: 0}
--- !u!54 &1540943830
Rigidbody:
  m_ObjectHideFlags: 0
  m_CorrespondingSourceObject: {fileID: 0}
  m_PrefabInstance: {fileID: 0}
  m_PrefabAsset: {fileID: 0}
  m_GameObject: {fileID: 1540943828}
  serializedVersion: 2
  m_Mass: 1
  m_Drag: 0
  m_AngularDrag: 0.05
  m_UseGravity: 1
  m_IsKinematic: 1
  m_Interpolate: 0
  m_Constraints: 0
  m_CollisionDetection: 0
--- !u!114 &1540943831
MonoBehaviour:
  m_ObjectHideFlags: 0
  m_CorrespondingSourceObject: {fileID: 0}
  m_PrefabInstance: {fileID: 0}
  m_PrefabAsset: {fileID: 0}
  m_GameObject: {fileID: 1540943828}
  m_Enabled: 1
  m_EditorHideFlags: 0
  m_Script: {fileID: 11500000, guid: 179de9c8a0254ddaaa95811d1f77241a, type: 3}
  m_Name: 
  m_EditorClassIdentifier: 
  Distance: 10
  prefab: {fileID: 1510054161422555935, guid: 8a15d9f04c0462449994d14933b6c819, type: 3}
  ropeParts: []
--- !u!1 &1590153129
GameObject:
  m_ObjectHideFlags: 0
  m_CorrespondingSourceObject: {fileID: 0}
  m_PrefabInstance: {fileID: 0}
  m_PrefabAsset: {fileID: 0}
  serializedVersion: 6
  m_Component:
  - component: {fileID: 1590153133}
  - component: {fileID: 1590153132}
  - component: {fileID: 1590153131}
  - component: {fileID: 1590153130}
  - component: {fileID: 1590153134}
  m_Layer: 0
  m_Name: Cube (1)
  m_TagString: Untagged
  m_Icon: {fileID: 0}
  m_NavMeshLayer: 0
  m_StaticEditorFlags: 0
  m_IsActive: 1
--- !u!65 &1590153130
BoxCollider:
  m_ObjectHideFlags: 0
  m_CorrespondingSourceObject: {fileID: 0}
  m_PrefabInstance: {fileID: 0}
  m_PrefabAsset: {fileID: 0}
  m_GameObject: {fileID: 1590153129}
  m_Material: {fileID: 0}
  m_IsTrigger: 0
  m_Enabled: 1
  serializedVersion: 2
  m_Size: {x: 1, y: 1, z: 1}
  m_Center: {x: 0, y: 0, z: 0}
--- !u!23 &1590153131
MeshRenderer:
  m_ObjectHideFlags: 0
  m_CorrespondingSourceObject: {fileID: 0}
  m_PrefabInstance: {fileID: 0}
  m_PrefabAsset: {fileID: 0}
  m_GameObject: {fileID: 1590153129}
  m_Enabled: 1
  m_CastShadows: 1
  m_ReceiveShadows: 1
  m_DynamicOccludee: 1
  m_StaticShadowCaster: 0
  m_MotionVectors: 1
  m_LightProbeUsage: 1
  m_ReflectionProbeUsage: 1
  m_RayTracingMode: 2
  m_RayTraceProcedural: 0
  m_RenderingLayerMask: 1
  m_RendererPriority: 0
  m_Materials:
  - {fileID: 2100000, guid: 31321ba15b8f8eb4c954353edc038b1d, type: 2}
  m_StaticBatchInfo:
    firstSubMesh: 0
    subMeshCount: 0
  m_StaticBatchRoot: {fileID: 0}
  m_ProbeAnchor: {fileID: 0}
  m_LightProbeVolumeOverride: {fileID: 0}
  m_ScaleInLightmap: 1
  m_ReceiveGI: 1
  m_PreserveUVs: 0
  m_IgnoreNormalsForChartDetection: 0
  m_ImportantGI: 0
  m_StitchLightmapSeams: 1
  m_SelectedEditorRenderState: 3
  m_MinimumChartSize: 4
  m_AutoUVMaxDistance: 0.5
  m_AutoUVMaxAngle: 89
  m_LightmapParameters: {fileID: 0}
  m_SortingLayerID: 0
  m_SortingLayer: 0
  m_SortingOrder: 0
  m_AdditionalVertexStreams: {fileID: 0}
--- !u!33 &1590153132
MeshFilter:
  m_ObjectHideFlags: 0
  m_CorrespondingSourceObject: {fileID: 0}
  m_PrefabInstance: {fileID: 0}
  m_PrefabAsset: {fileID: 0}
  m_GameObject: {fileID: 1590153129}
  m_Mesh: {fileID: 10202, guid: 0000000000000000e000000000000000, type: 0}
--- !u!4 &1590153133
Transform:
  m_ObjectHideFlags: 0
  m_CorrespondingSourceObject: {fileID: 0}
  m_PrefabInstance: {fileID: 0}
  m_PrefabAsset: {fileID: 0}
  m_GameObject: {fileID: 1590153129}
  m_LocalRotation: {x: 0, y: 0, z: 0, w: 1}
  m_LocalPosition: {x: 8.079, y: -0.707, z: -1.124}
  m_LocalScale: {x: 1, y: 1, z: 1}
  m_ConstrainProportionsScale: 0
  m_Children: []
  m_Father: {fileID: 0}
  m_RootOrder: 5
  m_LocalEulerAnglesHint: {x: 0, y: 0, z: 0}
--- !u!54 &1590153134
Rigidbody:
  m_ObjectHideFlags: 0
  m_CorrespondingSourceObject: {fileID: 0}
  m_PrefabInstance: {fileID: 0}
  m_PrefabAsset: {fileID: 0}
  m_GameObject: {fileID: 1590153129}
  serializedVersion: 2
  m_Mass: 1
  m_Drag: 0
  m_AngularDrag: 0.05
  m_UseGravity: 1
  m_IsKinematic: 0
  m_Interpolate: 0
  m_Constraints: 0
  m_CollisionDetection: 0
--- !u!1 &1603117774
GameObject:
  m_ObjectHideFlags: 0
  m_CorrespondingSourceObject: {fileID: 0}
  m_PrefabInstance: {fileID: 0}
  m_PrefabAsset: {fileID: 0}
  serializedVersion: 6
  m_Component:
  - component: {fileID: 1603117775}
  - component: {fileID: 1603117776}
  m_Layer: 0
  m_Name: Gameplay
  m_TagString: Untagged
  m_Icon: {fileID: 0}
  m_NavMeshLayer: 0
  m_StaticEditorFlags: 0
  m_IsActive: 1
--- !u!4 &1603117775
Transform:
  m_ObjectHideFlags: 0
  m_CorrespondingSourceObject: {fileID: 0}
  m_PrefabInstance: {fileID: 0}
  m_PrefabAsset: {fileID: 0}
  m_GameObject: {fileID: 1603117774}
  m_LocalRotation: {x: -0, y: -0, z: -0, w: 1}
  m_LocalPosition: {x: -0.20000076, y: -0.09899998, z: 0.4279995}
  m_LocalScale: {x: 1, y: 1, z: 1}
  m_ConstrainProportionsScale: 0
  m_Children:
  - {fileID: 1540943829}
  m_Father: {fileID: 895805047}
  m_RootOrder: 0
  m_LocalEulerAnglesHint: {x: 0, y: 0, z: 0}
--- !u!114 &1603117776
MonoBehaviour:
  m_ObjectHideFlags: 0
  m_CorrespondingSourceObject: {fileID: 0}
  m_PrefabInstance: {fileID: 0}
  m_PrefabAsset: {fileID: 0}
  m_GameObject: {fileID: 1603117774}
  m_Enabled: 1
  m_EditorHideFlags: 0
  m_Script: {fileID: 11500000, guid: e3ca2821452c46e38a202510dab665f6, type: 3}
  m_Name: 
  m_EditorClassIdentifier: 
  Rope: {fileID: 1540943831}
  positionHit: {x: 0, y: 0, z: 0}
--- !u!1 &1708366009
GameObject:
  m_ObjectHideFlags: 0
  m_CorrespondingSourceObject: {fileID: 0}
  m_PrefabInstance: {fileID: 0}
  m_PrefabAsset: {fileID: 0}
  serializedVersion: 6
  m_Component:
  - component: {fileID: 1708366011}
  - component: {fileID: 1708366010}
  - component: {fileID: 1708366012}
  m_Layer: 0
  m_Name: Directional Light
  m_TagString: Untagged
  m_Icon: {fileID: 0}
  m_NavMeshLayer: 0
  m_StaticEditorFlags: 0
  m_IsActive: 1
--- !u!108 &1708366010
Light:
  m_ObjectHideFlags: 0
  m_CorrespondingSourceObject: {fileID: 0}
  m_PrefabInstance: {fileID: 0}
  m_PrefabAsset: {fileID: 0}
  m_GameObject: {fileID: 1708366009}
  m_Enabled: 1
  serializedVersion: 10
  m_Type: 1
  m_Shape: 0
  m_Color: {r: 1, g: 0.95686275, b: 0.8392157, a: 1}
  m_Intensity: 1
  m_Range: 10
  m_SpotAngle: 30
  m_InnerSpotAngle: 21.80208
  m_CookieSize: 10
  m_Shadows:
    m_Type: 2
    m_Resolution: -1
    m_CustomResolution: -1
    m_Strength: 1
    m_Bias: 0.02
    m_NormalBias: 0.1
    m_NearPlane: 0.1
    m_CullingMatrixOverride:
      e00: 1
      e01: 0
      e02: 0
      e03: 0
      e10: 0
      e11: 1
      e12: 0
      e13: 0
      e20: 0
      e21: 0
      e22: 1
      e23: 0
      e30: 0
      e31: 0
      e32: 0
      e33: 1
    m_UseCullingMatrixOverride: 0
  m_Cookie: {fileID: 0}
  m_DrawHalo: 0
  m_Flare: {fileID: 0}
  m_RenderMode: 0
  m_CullingMask:
    serializedVersion: 2
    m_Bits: 4294967295
  m_RenderingLayerMask: 1
  m_Lightmapping: 4
  m_LightShadowCasterMode: 0
  m_AreaSize: {x: 1, y: 1}
  m_BounceIntensity: 1
  m_ColorTemperature: 6570
  m_UseColorTemperature: 0
  m_BoundingSphereOverride: {x: 0, y: 0, z: 0, w: 0}
  m_UseBoundingSphereOverride: 0
  m_UseViewFrustumForShadowCasterCull: 1
  m_ShadowRadius: 0
  m_ShadowAngle: 0
--- !u!4 &1708366011
Transform:
  m_ObjectHideFlags: 0
  m_CorrespondingSourceObject: {fileID: 0}
  m_PrefabInstance: {fileID: 0}
  m_PrefabAsset: {fileID: 0}
  m_GameObject: {fileID: 1708366009}
  m_LocalRotation: {x: 0.40821788, y: -0.23456968, z: 0.10938163, w: 0.8754261}
  m_LocalPosition: {x: 0, y: 3, z: 0}
  m_LocalScale: {x: 1, y: 1, z: 1}
  m_ConstrainProportionsScale: 0
  m_Children: []
  m_Father: {fileID: 0}
  m_RootOrder: 0
  m_LocalEulerAnglesHint: {x: 50, y: -30, z: 0}
--- !u!114 &1708366012
MonoBehaviour:
  m_ObjectHideFlags: 0
  m_CorrespondingSourceObject: {fileID: 0}
  m_PrefabInstance: {fileID: 0}
  m_PrefabAsset: {fileID: 0}
  m_GameObject: {fileID: 1708366009}
  m_Enabled: 1
  m_EditorHideFlags: 0
  m_Script: {fileID: 11500000, guid: 474bcb49853aa07438625e644c072ee6, type: 3}
  m_Name: 
  m_EditorClassIdentifier: 
  m_Version: 1
  m_UsePipelineSettings: 1
  m_AdditionalLightsShadowResolutionTier: 2
  m_LightLayerMask: 1
  m_CustomShadowLayers: 0
  m_ShadowLayerMask: 1
  m_LightCookieSize: {x: 1, y: 1}
  m_LightCookieOffset: {x: 0, y: 0}
--- !u!1001 &7664273667088829520
PrefabInstance:
  m_ObjectHideFlags: 0
  serializedVersion: 2
  m_Modification:
    serializedVersion: 2
    m_TransformParent: {fileID: 1031982127}
    m_Modifications:
    - target: {fileID: 4499422948906064790, guid: b1572574664f4bd439eb2a32188e0abb, type: 3}
      propertyPath: m_Layer
      value: 6
      objectReference: {fileID: 0}
    - target: {fileID: 7664273666945548955, guid: b1572574664f4bd439eb2a32188e0abb, type: 3}
      propertyPath: m_Layer
      value: 6
      objectReference: {fileID: 0}
    - target: {fileID: 7664273667064754804, guid: b1572574664f4bd439eb2a32188e0abb, type: 3}
      propertyPath: m_Name
      value: Animal
      objectReference: {fileID: 0}
    - target: {fileID: 7664273667064754804, guid: b1572574664f4bd439eb2a32188e0abb, type: 3}
      propertyPath: m_Layer
      value: 6
      objectReference: {fileID: 0}
    - target: {fileID: 7664273667064754805, guid: b1572574664f4bd439eb2a32188e0abb, type: 3}
      propertyPath: m_RootOrder
      value: 0
      objectReference: {fileID: 0}
    - target: {fileID: 7664273667064754805, guid: b1572574664f4bd439eb2a32188e0abb, type: 3}
      propertyPath: m_LocalPosition.x
      value: 0
      objectReference: {fileID: 0}
    - target: {fileID: 7664273667064754805, guid: b1572574664f4bd439eb2a32188e0abb, type: 3}
      propertyPath: m_LocalPosition.y
      value: 0
      objectReference: {fileID: 0}
    - target: {fileID: 7664273667064754805, guid: b1572574664f4bd439eb2a32188e0abb, type: 3}
      propertyPath: m_LocalPosition.z
      value: 0
      objectReference: {fileID: 0}
    - target: {fileID: 7664273667064754805, guid: b1572574664f4bd439eb2a32188e0abb, type: 3}
      propertyPath: m_LocalRotation.w
      value: 1
      objectReference: {fileID: 0}
    - target: {fileID: 7664273667064754805, guid: b1572574664f4bd439eb2a32188e0abb, type: 3}
      propertyPath: m_LocalRotation.x
      value: -0
      objectReference: {fileID: 0}
    - target: {fileID: 7664273667064754805, guid: b1572574664f4bd439eb2a32188e0abb, type: 3}
      propertyPath: m_LocalRotation.y
      value: -0
      objectReference: {fileID: 0}
    - target: {fileID: 7664273667064754805, guid: b1572574664f4bd439eb2a32188e0abb, type: 3}
      propertyPath: m_LocalRotation.z
      value: -0
      objectReference: {fileID: 0}
    - target: {fileID: 7664273667064754805, guid: b1572574664f4bd439eb2a32188e0abb, type: 3}
      propertyPath: m_LocalEulerAnglesHint.x
      value: 0
      objectReference: {fileID: 0}
    - target: {fileID: 7664273667064754805, guid: b1572574664f4bd439eb2a32188e0abb, type: 3}
      propertyPath: m_LocalEulerAnglesHint.y
      value: 0
      objectReference: {fileID: 0}
    - target: {fileID: 7664273667064754805, guid: b1572574664f4bd439eb2a32188e0abb, type: 3}
      propertyPath: m_LocalEulerAnglesHint.z
      value: 0
      objectReference: {fileID: 0}
    - target: {fileID: 7664273667064754807, guid: b1572574664f4bd439eb2a32188e0abb, type: 3}
      propertyPath: m_ConnectedAnchor.x
      value: -0.26
      objectReference: {fileID: 0}
    - target: {fileID: 7664273667064754808, guid: b1572574664f4bd439eb2a32188e0abb, type: 3}
      propertyPath: m_Mass
      value: 1
      objectReference: {fileID: 0}
    - target: {fileID: 7664273667448959511, guid: b1572574664f4bd439eb2a32188e0abb, type: 3}
      propertyPath: m_Layer
      value: 6
      objectReference: {fileID: 0}
    - target: {fileID: 7664273667460125120, guid: b1572574664f4bd439eb2a32188e0abb, type: 3}
      propertyPath: m_Layer
      value: 6
      objectReference: {fileID: 0}
    - target: {fileID: 7664273668641173822, guid: b1572574664f4bd439eb2a32188e0abb, type: 3}
      propertyPath: m_Layer
      value: 6
      objectReference: {fileID: 0}
    - target: {fileID: 7664273668690291413, guid: b1572574664f4bd439eb2a32188e0abb, type: 3}
      propertyPath: m_Layer
      value: 6
      objectReference: {fileID: 0}
    - target: {fileID: 7664273668853756641, guid: b1572574664f4bd439eb2a32188e0abb, type: 3}
      propertyPath: m_Layer
      value: 6
      objectReference: {fileID: 0}
    m_RemovedComponents:
    - {fileID: 7664273668641173823, guid: b1572574664f4bd439eb2a32188e0abb, type: 3}
    m_AddedGameObjects: []
  m_SourcePrefab: {fileID: 100100000, guid: b1572574664f4bd439eb2a32188e0abb, type: 3}
